@misc{NibloReeves,
	author	=	{{Graham Niblo, Lawrence Reeves}},
	title	=	{Groups acting on CAT(0) cube complexes},
	journal	=	{Geometry \& Topology},
	volume	=	{1},
	year	=	{1997},
	shorthand =	{NR97}
}

@misc{SchwerLectureNotes,
	author 	=	{Petra Schwer},
	title 	=	{Lecture Notes on CAT(0) Cubical Complexes},
	address =	{Münster},
	pages 	=	{7-21},
	year	=	{2013},
	shorthand = {Sch13}
}

@misc{BekkaHarpeValette,
	author 	=	{{Bachir Bekka, Pierre de la Harpe, Alain Valette}},
	title	=	{Kazhdan's Property (T)},
	year	=	{2007},
	shorthand = {BHV08},
	url = {http://perso.univ-rennes1.fr/bachir.bekka/KazhdanTotal.pdf}
}

@book{BridsonHaefliger,
	author	=	{{Martin R. Bridson, André Haefliger}},
	title	=	{Metric Spaces of Non-Positive Curvature},
	publisher = {Springer-Verlag},
	year	=	{1999},
	shorthand =	{BH99}
}

@article{Gromov,
	author	=	{{Mikhail Gromov}},
	title	=	{Hyperbolic groups},
	journal	=	{Essays in group theory},
	editor	=	{S. M. Gersten},
	volume	=	{8},
	publisher = {Springer-Verlag},
	year	=	{1987},
	shorthand = {Gro87}
}

@misc{Sageev,
	author =	{{Michah Sageev}},
	title =		{Ends of group pairs and non-positively curved cube complexes},
	year	=	{1993},
	shorthand = {Sag93}
}