@book{BekkaHarpeValette,
	author 	=	{{Mohammed El Bachir Bekka, Pierre de la Harpe, Alain Valette}},
	Title	=	{Kazhdan's Property (T)},
	Publisher = {Cambridge Univ. Press},
	Year	=	{2008},
	Shorthand = {BHV08}
}

@article{Sageev,
	AUTHOR = {{Michah Sageev}},
	TITLE = {Ends of group pairs and non-positively curved cube complexes},
	JOURNAL = {Proceedings of the London Mathematical Society. Third Series},
	FJOURNAL = {Proceedings of the London Mathematical Society. Third Series},
	VOLUME = {71},
	YEAR = {1995},
	NUMBER = {3},
	shorthand = {Sag95}
}

@article{BogopolskiVikentiev,
	AUTHOR = {{Oleg Bogopolski, Ruslan Vikentiev}},
	TITLE = {Subgroups of small index in Aut$(F_n)$ and
	{K}azhdan's property ({T})},
	BOOKTITLE = {Combinatorial and geometric group theory},
	SERIES = {Trends Math.},
	PAGES = {1--17},
	PUBLISHER = {Birkhäuser/Springer Basel AG, Basel},
	YEAR = {2010},
	shorthand = {BV07}
}

@phdthesis{Olga,
	Author	=	{{Olga Varghese}},
	Title	=	{Actions of Aut($F_n$)},
	School	=	{Westfälische Wilhelms-Universität Münster},
	Year	=	{2014},
	Shorthand =	{Var14}
}

@article {NibloReeves,
	AUTHOR = {{Graham Niblo, Lawrence Reeves}},
	TITLE = {Groups acting on CAT(0) cube complexes},
	JOURNAL = {Geometry and Topology},
	FJOURNAL = {Geometry and Topology},
	VOLUME = {1},
	YEAR = {1997},
	shorthand = {NR97}
}

@misc{Schwer,
	author 	=	{Petra Schwer},
	title 	=	{Lecture Notes on CAT(0) Cubical Complexes},
	address =	{Münster},
	pages 	=	{7-21},
	year	=	{2013},
	shorthand = {Sch13}
}

@book{BridsonHaefliger,
	Author 	=	{{Martin R. Bridson, André Haefliger}},
	Title	=	{Metric Spaces of Non-Positive Curvature},
	Publisher = {Springer-Verlag},
	Year	=	{1999},
	Shorthand = {BH99}
}

@article{Jussi,
	AUTHOR = {{Jussi Väisälä}},
	TITLE = {A proof of the {M}azur-{U}lam theorem},
	JOURNAL = {The American Mathematical Monthly},
	FJOURNAL = {The American Mathematical Monthly},
	VOLUME = {110},
	YEAR = {2003},
	NUMBER = {7},
	PAGES = {633--635},
	shorthand = {Väi03}
}


@article{Cornulier,
	author = {{Yves Cornulier}},
	title = "{Group actions with commensurated subsets, wallings and cubings}",
	journal = {ArXiv e-prints},
	archivePrefix = "arXiv",
	eprint = {1302.5982},
	primaryClass = "math.GR",
	year = {2013},
	adsurl = {http://adsabs.harvard.edu/abs/2013arXiv1302.5982C},
	adsnote = {Provided by the SAO/NASA Astrophysics Data System},
	shorthand = {Cor13}
}

@book{Bogopolski,
	author 	=	{{Oleg Bogopolski}},
	Title	=	{Introduction to Group Theory},
	Publisher = {European Mathematical Society},
	Year	=	{2008},
	Shorthand = {Bog08}
}

@book{LyndonSchupp,
	author	=	{{Roger C. Lyndon, Paul E. Schupp}},
	title	=	{Combinatorial Group Theory},
	publisher = {Springer-Verlag},
	year	=	{2001},
	shorthand = {LS01}
}

@book{Serre,
	author =	{{Jean-Pierre Serre}},
	title	=	{Trees},
	publisher =	{Springer-Verlag},
	year	=	{1980},
	shorthand = {Ser80}
}

@book{Zieschang,
	AUTHOR = {{Heiner Zieschang}},
	TITLE = {Finite groups of mapping classes of surfaces},
	SERIES = {Lecture Notes in Mathematics},
	VOLUME = {875},
	PUBLISHER = {Springer-Verlag, Berlin},
	YEAR = {1981},
	PAGES = {viii+340},
	Shorthand = {Zie81}
}

@article{McCool,
	AUTHOR = {{James McCool}},
	TITLE = {A faithful polynomial representation on Out$(F_3)$},
	JOURNAL = {Mathematical Proceedings of the Cambridge Philosophical Society},
	FJOURNAL = {Mathematical Proceedings of the Cambridge Philosophical Society},
	VOLUME = {106},
	PAGES = {207-213},
	YEAR = {1989},
	shorthand = {McC97}
}